@masterthesis{Jiang2011,
	title    = "An Analysis	of Automatic Chord Recognition Procedures for Music Recordings",
	school   = "Saarland University",
	author   = "Jiang, Nanzhu",
	year     = 2011, %other attributes omitted
}
@unpublished{DeepChord,
	title = "Chord recognition using deep learning",
	author = "Moreno, Daniel and Lahuerta, Guillem and Pallas, Eduard",
}
@unpublished{Chordthesizer,
	title = "CHORDTHESIZER: A CHORDS RECOGNITION AND MIDI MESSAGE TRANSLATION
	SYSTEM",
	author = "Cuesta, Lazaro Eduardo and Saggese, Fabio and Valles, Tomas Javier",
}
@misc{ChromaToolbox,
	title = "Chroma Toolbox",
	year = 2011,
	howpublished = {\url{http://resources.mpi-inf.mpg.de/MIR/chromatoolbox/}},
}