@article{gomez2006tonal,
  title={Tonal description of polyphonic audio for music content processing},
  author={G{\'o}mez, Emilia},
  journal={INFORMS Journal on Computing},
  volume={18},
  number={3},
  pages={294--304},
  year={2006},
  publisher={INFORMS}
}

@misc{chroma_toolbox,
	title={Chroma Toolbox},
    howpublished = {\url{http://resources.mpi-inf.mpg.de/MIR/chromatoolbox/}}
}

@misc{jim2012chords,
	title={Jim 2012 Chords},
    howpublished = {\url{http://www.montefiore.ulg.ac.be/services/acous/STSI/file/jim2012Chords.zip}}
}